
@misc{lfgp_entregable_1,
    author = 'Luis Felipe González Pérez',
    title = 'Documento guía para Modelación de reportaje incorrecto en CUIS',
    note = 'Entregable 1'
}

@misc{missing_data,
    author = 'Karthika Mohan and Judea Pearl and Tian Jin',
    title = 'Missing Data as a Causal Inference Problem',
    year = 2013
}

@misc{graphical_models,
    author = 'Karthika Mohan and Judea Pearl',
    title = 'Graphical Models for Processing Missing Data',
    year = 2018
}

@misc{docker,
    author = 'Docker',
    title = 'What is a Container',
    note = 'https://www.docker.com/resources/what-container'
}

